@misc{ wiki:xxx,
  author = "Википедия",
  title = "Атом гелия --- Википедия{,} свободная энциклопедия",
  year = "2019",
  url = "\url{https://ru.wikipedia.org/?oldid=102360670}",
  note = "[Онлайн; загружено 16 сентября 2020]"
}
